@online{K8s,
	author = {The Kubernetes Authors},
	title = {Kubernetes Documentation},
	url = {https://kubernetes.io/docs/home/},
	urldate = {2023-01-12}
}

@online{Helm,
	author = {Helm Authors},
	title = {Helm},
	url = {https://helm.sh/},
	urldate = {2023-01-12}
}
